<record><leader>00000cas a2200000 a 4500</leader><controlfield tag="001">9985587</controlfield><controlfield tag="008">831005d18431861nyuwr ne      0    0eng c</controlfield><datafield ind1=" " ind2=" " tag="010"><subfield code="a">sn 96083563 </subfield></datafield><datafield ind1=" " ind2=" " tag="040"><subfield code="a">VRR</subfield><subfield code="b">eng</subfield><subfield code="c">VRR</subfield><subfield code="d">NYS</subfield><subfield code="d">OCL</subfield><subfield code="d">NYS</subfield><subfield code="d">OCL</subfield><subfield code="d">NYS</subfield><subfield code="d">OCLCQ</subfield><subfield code="d">OCLCF</subfield><subfield code="d">OCLCO</subfield></datafield><datafield ind1="1" ind2=" " tag="029"><subfield code="a">AU@</subfield><subfield code="b">000012679685</subfield></datafield><datafield ind1=" " ind2=" " tag="042"><subfield code="a">pcc</subfield></datafield><datafield ind1=" " ind2=" " tag="043"><subfield code="a">n-us-ny</subfield></datafield><datafield ind1="0" ind2=" " tag="130"><subfield code="a">Protestant churchman (New York, N.Y. : 1843)</subfield></datafield><datafield ind1="1" ind2="0" tag="245"><subfield code="a">Protestant churchman.</subfield></datafield><datafield ind1=" " ind2=" " tag="260"><subfield code="a">New-York :</subfield><subfield code="b">[s.n.]</subfield></datafield><datafield ind1=" " ind2=" " tag="300"><subfield code="a">19 v. ;</subfield><subfield code="c">48-66 cm.</subfield></datafield><datafield ind1=" " ind2=" " tag="310"><subfield code="a">Weekly</subfield></datafield><datafield ind1="1" ind2=" " tag="362"><subfield code="a">Began in 1843; ceased in 1861. z Cf. Union list of serials.</subfield></datafield><datafield ind1=" " ind2=" " tag="500"><subfield code="a">Publisher: Anson D.F. Randolph, &lt;1856-1859&gt;</subfield></datafield><datafield ind1=" " ind2=" " tag="588"><subfield code="a">Description based on: Vol. 2 (Feb. 8, 1845). Latest issue consulted: vol. 19, no. 31 (Dec. 28, 1861).</subfield></datafield><datafield ind1="2" ind2="0" tag="610"><subfield code="a">Episcopal Church</subfield><subfield code="x">Clergy</subfield><subfield code="v">Newspapers.</subfield></datafield><datafield ind1=" " ind2="0" tag="650"><subfield code="a">Episcopalians</subfield><subfield code="z">New York (State)</subfield><subfield code="v">Newspapers.</subfield></datafield><datafield ind1=" " ind2="0" tag="651"><subfield code="a">New York (N.Y.)</subfield><subfield code="v">Newspapers.</subfield></datafield><datafield ind1=" " ind2="0" tag="651"><subfield code="a">New York County (N.Y.)</subfield><subfield code="v">Newspapers.</subfield></datafield><datafield ind1=" " ind2="7" tag="655"><subfield code="a">Newspapers.</subfield><subfield code="2">fast</subfield><subfield code="0">(OCoLC)fst01423814</subfield></datafield><datafield ind1="2" ind2="7" tag="610"><subfield code="a">Episcopal Church.</subfield><subfield code="2">fast</subfield><subfield code="0">(OCoLC)fst00533119</subfield></datafield><datafield ind1=" " ind2="7" tag="650"><subfield code="a">Clergy.</subfield><subfield code="2">fast</subfield><subfield code="0">(OCoLC)fst00864014</subfield></datafield><datafield ind1=" " ind2="7" tag="650"><subfield code="a">Episcopalians.</subfield><subfield code="2">fast</subfield><subfield code="0">(OCoLC)fst00914304</subfield></datafield><datafield ind1=" " ind2="7" tag="651"><subfield code="a">New York (State)</subfield><subfield code="2">fast</subfield><subfield code="0">(OCoLC)fst01210280</subfield></datafield><datafield ind1=" " ind2="7" tag="651"><subfield code="a">New York (State)</subfield><subfield code="z">New York.</subfield><subfield code="2">fast</subfield><subfield code="0">(OCoLC)fst01204333</subfield></datafield><datafield ind1=" " ind2="7" tag="651"><subfield code="a">New York (State)</subfield><subfield code="z">New York County.</subfield><subfield code="2">fast</subfield><subfield code="0">(OCoLC)fst01234953</subfield></datafield><datafield ind1=" " ind2=" " tag="752"><subfield code="a">United States</subfield><subfield code="b">New York</subfield><subfield code="c">New York</subfield><subfield code="d">New York.</subfield></datafield><datafield ind1="0" ind2="0" tag="785"><subfield code="t">Christian times and Episcopal register</subfield><subfield code="w">(DLC)sn 84035785</subfield><subfield code="w">(OCoLC)11250362</subfield></datafield></record>